@online{handbook,
  year={2019},
  month={08},
  Title="{Documentation for users of the Multi-Platform Application Toolkit (nicer view at https://mpat-eu.github.io/handbook/ )}",
  url="https://mpat-eu.github.io/handbook/",
}

@online{hbbtv,
	year = {2018},
    month = {08},
	Title = {HbbTV releases Version 2018-2 of the HbbTV Conformance Test Suite },
	url = {https://www.hbbtv.org/news-events/hbbtv-releases-version-2018-2-of-
the-hbbtv-conformance-test-suite}
}

@online{MPAT,
	year = {2019},
    month = {08},
	Title = {HbbTV Application Toolkit},
	url = {https://github.com/MPAT-eu/MPAT-theme/blob/master/getContent.phpl}
}

@online{HAT,
	year = {2018},
    month = {05},
    author={http://www.fokus.fraunhofer.de/go/fame},
	Title = {RF 8216 - HTTP Live Streaming},
	url = {https://github.com/lumovan/HAT/blob/master/template-fullpage.php}
}

@article{adinsertion,
  title={Dynamic ad-insertion and content orchestration workflows through manifest manipulation in HLS and MPEG-DASH},
  author={R. Seeliger, D. Silhavy, Dr. S. Arbanowski},
  journal={2017 IEEE Conference on Communications and Network Security (CNS): SPA},
  year={2017}
}

@article{ssai,
  title={Increasing ad personalization with server-side ad insertion},
  author={L. Bringuier},
  journal={IBC 2016 Conference},
  year={2016}
}

@online{hlsparser,
	year = {2022},
    month = {05},
	Title = {hls-parser},
	url = {https://www.npmjs.com/package/hls-parser}
}

@online{npm,
	year = {2022},
    month = {07},
	Title = {Creating and publishing private packages},
	url = {https://docs.npmjs.com/creating-and-publishing-private-packages}
}

@article{measures,
  title={ABR Streaming with Separate Audio and Video Tracks: Measurements and Best Practices},
  author={Y. Qin, S. Sen, B. Wang},
  journal={CoNEXTâ€™19},
  year={2019}
}